@ARTICLE{Shinjuku98,
  author={新宿 大五朗 and 渋谷 次郎 and 東京 {　学}},
  journal={機論C編},
  title={キャスティングマニピュレーションに関する研究（第1報，可変長の紐状柔軟リンクを有するマニピュレータの提案とそのスイング制御法）},
  year={1998},
  volume={64},
  number={626},
  pages={3854-3861}
}

@ARTICLE{Shinjuku99,
  author={D. Shinjuku and J. Shibuya and M. Tokyo},
  journal={IEEE Control Systems},
  title={Swing Motion Control of Casting Manipulation},
  year={1999},
  volume={19},
  number={4},
  pages={56-64}
}
